<?xml version="1.0" encoding="UTF-8"?><collection xmlns="http://www.loc.gov/MARC21/slim"><record><leader>00323nam--2200109-i-4500</leader><controlfield tag="001">000033910</controlfield><controlfield tag="002">20161230</controlfield><controlfield tag="005">20161230201039</controlfield><controlfield tag="008">060222s1000------------r-----000-0-eng-d</controlfield><datafield ind1=" " ind2=" " tag="245"><subfield code="a">Memoria correspondiente al ejercicio:-1.i.1967 al 31.xii.1967</subfield></datafield><datafield ind1=" " ind2=" " tag="490"><subfield code="a">Buenosaires, Comision Nacional De Energia Atomica</subfield></datafield><datafield ind1=" " ind2=" " tag="852"><subfield code="a">061.6:001.818</subfield></datafield></record></collection>